<?xml version="1.0" encoding="UTF-8"?><record xmlns="http://www.loc.gov/MARC21/slim" xmlns:cinclude="http://apache.org/cocoon/include/1.0" xmlns:zs="http://www.loc.gov/zing/srw/">
  <leader>00679cz  a2200145n  4500</leader>
  <controlfield tag="001">n  99055917 </controlfield>
  <controlfield tag="003">DLC</controlfield>
  <controlfield tag="005">20000925073435.0</controlfield>
  <controlfield tag="008">990804n| acannaabn          |a aaa |||  </controlfield>
  <datafield tag="010" ind1=" " ind2=" ">
    <subfield code="a">n  99055917 </subfield>
  </datafield>
  <datafield tag="040" ind1=" " ind2=" ">
    <subfield code="a">DLC</subfield>
    <subfield code="b">eng</subfield>
    <subfield code="c">DLC</subfield>
    <subfield code="d">DLC</subfield>
  </datafield>
  <datafield tag="100" ind1="1" ind2=" ">
    <subfield code="a">Agbasiere, Joseph Thérèse,</subfield>
    <subfield code="d">1929-1998</subfield>
  </datafield>
  <datafield tag="400" ind1="1" ind2=" ">
    <subfield code="a">Agbasiere, J. T.</subfield>
    <subfield code="q">(Joseph Thérèse),</subfield>
    <subfield code="d">1929-1998</subfield>
  </datafield>
  <datafield tag="670" ind1=" " ind2=" ">
    <subfield code="a">Women in Igbo life and thought, 2000:</subfield>
    <subfield code="b">CIP t.p. (Joseph Thérèse Agbasiere) data sheet (b. 04-09-29) galley (d. 1998)</subfield>
  </datafield>
  <datafield tag="670" ind1=" " ind2=" ">
    <subfield code="a">Church contribution to integral development, 1989:</subfield>
    <subfield code="b">t.p. (Joseph Therese Agbasiere) p. 263 (Sister of the Congregation of the Missionary Sisters of the Holy Rosary) cover (J.T. Agbasiere)</subfield>
  </datafield>
</record>